@article{Garcia_1986,
	title={Quadratic programming solution of dynamic matrix control (QDMC)},
	author={ Garcia, C. E., and Morshedi, A. M. },
	journal={Chemical Engineering Communications},
	volume={46},
	pages={73-87},
	year={1986},
}

@article{Boggs_1995,
	title={Sequential Quadratic Programming},
	author={ Boggs P.T. and Tolle J.W. },
	journal={Acta Numerica},
	volume={4},
	year={1995},
	pages = {1 – 51},
	doi = {10.1017/S0962492900002518},
	url = {https://www.scopus.com/inward/record.uri?eid=2-s2.0-44649149897&doi=10.1017%2fS0962492900002518&partnerID=40&md5=cc9b5148a47c58687f746bd3ec66695b},
	publication_stage = {Final},
	note = {Cited by: 1090}
}

@article{K_Means_1979,
	title={	Statistical theory in clustering },
	author={ Hartigan, J. A.  and  Wong, M. A. },
	journal={Journal of Classification},
	volume={2},
	number={01},
	year={1985},
	pages={63-67}
}

@article{Gill_2001,
	title={SNOPT: An SQP algorithm for large-scale constrained optimization},
	author={Gill, Philip E and Murray, Walter and Saunders, Michael A},
	journal={SIAM review},
	volume={47},
	number={1},
	pages={99--131},
	year={2005},
	publisher={SIAM}
}

@article{Nocedal_2006,
	title={Sequential quadratic programming},
	author={Boggs, Paul T and Tolle, Jon W},
	journal={Acta numerica},
	volume={4},
	pages={1--51},
	year={1995},
	publisher={Cambridge University Press}
}

@inproceedings{Ashish_2021,
  author    = {Amit Ashish and
  R. Gandhiraj and
  Manoj Panda},
  title     = {{V2X} Based Emergency Corridor for Safe and Fast Passage of Emergency
  Vehicle},
  booktitle = {12th International Conference on Computing Communication and Networking
  Technologies, {ICCCNT} 2021, Kharagpur, India, July 6-8, 2021},
  pages     = {1--7},
  publisher = {{IEEE}},
  year      = {2021},
  url       = {https://doi.org/10.1109/ICCCNT51525.2021.9580034},
  doi       = {10.1109/ICCCNT51525.2021.9580034},
  timestamp = {Thu, 25 Nov 2021 09:28:06 +0100},
  biburl    = {https://dblp.org/rec/conf/icccnt/AshishGP21.bib},
  bibsource = {dblp computer science bibliography, https://dblp.org}
}

@article{Peng_2021,
  title={Lane Changing Guidance Method for Vehicle Platoon to Avoid Emergency Vehicles of {CVIS}},
  author={Peng-peng, JIAO and Zi-yu, YANG and Wei-qi, HONG and Ze-hao, WANG},
  journal={China Journal of Highway and Transport},
  volume={34},
  number={7},
  pages={95},
  year={2021}
}

@inproceedings{Petrica_2021,
  title={Automatic Traffic Light Preemption for Intelligent Transportation Systems},
  author={Petric{\u{a}}, Bianca-Gabriela and Ciobanu, Radu-Ioan and Dobre, Ciprian},
  booktitle={2021 20th International Symposium on Parallel and Distributed Computing (ISPDC)},
  pages={1--8},
  year={2021},
  organization={IEEE}
}

@article{Obrusnik_2020,
  title={Queue discharge-based emergency vehicle traffic signal preemption},
  author={Obrusn{\'\i}k, V{\'\i}t and Herman, Ivo and Hur{\'a}k, Zden{\v{e}}k},
  journal={IFAC-PapersOnLine},
  volume={53},
  number={2},
  pages={14997--15002},
  year={2020},
  publisher={Elsevier}
}

@inproceedings{Oza_2020,
  title     = {A coordinated spillback-aware traffic optimization and recovery at multiple intersections},
  author    = {Pratham Oza and
  Thidapat Chantem and
  Pamela M. Murray{-}Tuite},
  booktitle = {26th {IEEE} International Conference on Embedded and Real-Time Computing
  Systems and Applications, {RTCSA} 2020, Gangnueng, Korea (South),
  August 19-21, 2020},
  pages     = {1--10},
  publisher = {{IEEE}},
  year      = {2020},
  url       = {https://doi.org/10.1109/RTCSA50079.2020.9203582},
  doi       = {10.1109/RTCSA50079.2020.9203582},
  timestamp = {Tue, 29 Sep 2020 14:24:23 +0200},
  biburl    = {https://dblp.org/rec/conf/rtcsa/OzaCM20.bib},
  bibsource = {dblp computer science bibliography, https://dblp.org}
}

@article{Shaaban_2019,
  title={A strategy for emergency vehicle preemption and route selection},
  author={Shaaban, Khaled and Khan, Muhammad Asif and Hamila, Ridha and Ghanim, Mohammad},
  journal={Arabian Journal for Science and Engineering},
  volume={44},
  number={10},
  pages={8905--8913},
  year={2019},
  publisher={Springer}
}

@article{Chentoufi_2019,
  title={A Novel Metaheuristic for Adaptive Signal Timing Optimization Considering Emergency Vehicle Preemption and Tram Priority},
  author={Chentoufi, Maryam Alami and Ellaia, Rachid},
  journal={SAE International Journal of Transportation Safety},
  volume={7},
  number={2},
  pages={129--152},
  year={2019},
  publisher={JSTOR}
}

@inproceedings{Cao_2019,
  title={Emergency vehicle-centered traffic signal control in intelligent transportation systems},
  author={Cao, Miaomiao and Shuai, Qiqi and Li, Victor OK},
  booktitle={2019 IEEE Intelligent Transportation Systems Conference (ITSC)},
  pages={4525--4531},
  year={2019},
  organization={IEEE}
}

@inproceedings{Ebizuka_2019,
  title={Detecting approach of emergency vehicles using siren sound processing},
  author={Ebizuka, Yuki and Kato, Shin and Itami, Makoto},
  booktitle={2019 IEEE Intelligent Transportation Systems Conference (ITSC)},
  pages={4431--4436},
  year={2019},
  organization={IEEE}
}

@inproceedings{Ismail_2019,
  title={Smart traffic light for emergency vehicle by using arduiono},
  author={Ismail, Mohd Zain and Lutfi, Ahmad Zaki Ahmad and Roslan, Muhammad Adib Mohammad},
  booktitle={AIP Conference Proceedings},
  volume={2129},
  number={1},
  pages={020099},
  year={2019},
  organization={AIP Publishing LLC}
}

@inproceedings{Kasim_2019,
  title={Traffic Light Pre-emption Control for Emergency Vehicles},
  author={Kasim, Mohd Sallehin Mohd and Sajak, Aznida Abu Bakar and Wisman, Muhammad Rizal},
  booktitle={2019 IEEE International Conference on Sensors and Nanotechnology},
  pages={1--4},
  year={2019},
  organization={IEEE}
}



@inproceedings{Shrivastava_2019,
  title={Preemption of traffic signal using global positioning system (GPS)},
  author={Shrivastava, Ankur and Rawat, Shiksha and Singh, Harsh Kumar and Neelam, Kumari and Prasad, Deepak and Nath, Vijay},
  booktitle={Proceedings of the Third International Conference on Microelectronics, Computing and Communication Systems},
  pages={641--648},
  year={2019},
  organization={Springer}
}

@inproceedings{Weinert_2019,
  title={Influence of Emergency Vehicle Preemption on Travelling Time and Traffic Safety in Urban Environments enabled by Innovative Behavioral Models and V2X Communication--Simulation and Case Study},
  author={Weinert, Florian and D{\"u}ring, Michael and Bogenberger, Klaus},
  booktitle={2019 IEEE Intelligent Transportation Systems Conference (ITSC)},
  pages={4043--4048},
  year={2019},
  organization={IEEE}
}

@article{Masoud_2017,
  title={Wsn-evp: A novel special purpose protocol for emergency vehicle preemption systems},
  author={Masoud, Mohamed and Belkasim, Saeid},
  journal={IEEE Transactions on Vehicular Technology},
  volume={67},
  number={4},
  pages={3695--3700},
  year={2017},
  publisher={IEEE}
}

@inproceedings{Hajiebrahimi_2018,
  title={An adaptive control method of traffic signal-timing under emergency situations for smart cities},
  author={Hajiebrahimi, Shiva and Iranmanesh, Saeid},
  booktitle={2018 3rd IEEE International Conference on Intelligent Transportation Engineering (ICITE)},
  pages={225--230},
  year={2018},
  organization={IEEE}
}

@article{Mu_2018,
  author = {Mu H. and Liu L. and Li X.},
  title = {Signal Preemption Control of Emergency Vehicles Based on Timed Colored Petri Nets},
  year = {2018},
  journal = {Discrete Dynamics in Nature and Society},
  volume = {2018},
  number = {3},
  pages = {2183-2188},
  doi = {10.1155/2018/7095485},
  url = {https://www.scopus.com/inward/record.uri?eid=2-s2.0-85051583045&doi=10.1155%2f2018%2f7095485&partnerID=40&md5=e04cdbb01c97c5594f804cfb58759a8e},
  publication_stage = {Final},
  note = {Cited by: 8; All Open Access, Gold Open Access, Green Open Access}
}

@inproceedings{Paruchuri_2017,
  title={Adaptive preemption of traffic for emergency vehicles},
  author={Paruchuri, Vamsi},
  booktitle={2017 UKSim-AMSS 19th International Conference on Computer Modelling \& Simulation (UKSim)},
  pages={45--49},
  year={2017},
  organization={IEEE}
}

@incollection{Zhao_2017,
  title={An Urgent Traffic Dispersion and Assignment Model for Urban Road Flooding},
  author={Zhao, Zeshu and Liang, Jiaxian and Li, Guoyuan},
  booktitle={Information Technology and Intelligent Transportation Systems},
  pages={429--442},
  year={2017},
  publisher={Springer}
}

@article{Shao_2014,
  title={Preventive signal control for over-saturated road network under traffic guidance},
  author={ Shao, H. P.  and  Wu, S. F.  and  Li, Z. F. },
  journal={Journal of Changan University},
  volume={34},
  number={5},
  pages={129-137 and 174},
  year={2014},
}

@article{Boumediene_2009,
  title={Saturation flow versus green time at two-stage signal controlled intersections},
  author={Boumediene, Ahmed and Brahimi, Kouider and Belguesmia, Noreddine and Bouakkaz, Khaled},
  journal={Transport},
  volume={24},
  number={4},
  pages={288--295},
  year={2009},
  publisher={Taylor \& Francis}
}


@book{zhaojing_2003,
	title={数学建模与数学实验},
	author={赵静 and 但琦},
	publisher={数学建模与数学实验},
	year={2003},
}



@Standard{GA_T_115_2020,
	title=  {道路交通拥堵度评价方法},
	author = {{GA/T 115-2020}}
}

@article{erl_2019,
	title={国家突发公共事件总体应急预案},
	author={国务院},
	journal={中国防汛抗旱},
	volume={12},
	number={01},
	pages={16-19},
	year={2006},
}




@Standard{GB_T_31418,
	author = {{GB/T 31418-2015}},
	title = {道路交通信号控制系统术语}
}

@Standard{GAT115,
	author = {{GA/T 115-2020}},
	title = {道路交通拥堵度评价方法},
}


@article{chenhongyu,
	title={社会交通中的社会信号分析与感知},
	author={陈虹宇 and 艾红 and 王晓 and 吕宜生 and 陈圆圆 and 王飞跃},
	journal={自动化学报},
	volume={47},
	number={06},
	pages={1256-1272},
	year={2021},
	doi={10.16383/j.aas.c200055}
}

@article{lijinyang,
	title={基于车速的自适应交通信号灯控制系统},
	author={李金洋 and 陈仪香 and 王振辉},
	journal={计算机技术与发展},
	volume={26},
	number={9},
	pages={21-25},
	year={2016},
}

@article{gongbao,
	title={2020年交通运输行业发展统计公报},
	author={中华人民共和国交通运输部},
	journal={交通财会},
	number={6},
	pages={92-97},
	year={2021}
}

@article{guowuyuan,
	title={国务院办公厅印发《关于国家综合性消防救援车辆悬挂应急救援专用号牌有关事项的通知》},
	journal={中国安全生产},
	year={2018},
	abstract={国务院办公厅日前印发《关于国家综合性消防救援车辆悬挂应急救援专用号牌有关事项的通知》。主要目的和考虑①保障国家综合性消防救援队伍依法高效履行职责任务,有利于提高队伍快速反应能力,有利于队伍依法高效应对处置各类灾害事故,有利于提高队伍的正规化、专业化、职业化水平。②跨军地改革的一项具体任务③符合国际通行做法},
}

@article{xuyang,
	title={基于多智能体交通绿波效应分布式协同控制算法},
	author={徐杨 and 张玉林 and 孙婷婷 and 苏艳芳},
	journal={软件学报},
	volume={23},
	number={11},
	pages={2937-2945},
	year={2012},
	abstract={基于"绿波"效应的交通控制通过实现干道上的车流不间断地经过多个交通灯路口而不停止,是目前公认的最有效率的交通控制策略之一.然而随着城市交通规模的不断扩大,传统的集中式交通控制方法可能遇到计算和通信上的瓶颈.而当路口交通灯只能获取城市交通网络全局有限的信息时,传统的分布式控制方法可能十分低效.提出了一种基于多智能体的交通灯分布式绿波自适应控制方法.在该设计中,每一个交通灯路口通过一个非集中式的协同智能体来控制.其核心是,智能体通过预测自身下一时刻的状态进行自主决策.由于只有来自邻居路口的车辆能够直接影响当前路口下一步的状态,这一决策过程仅需要智能体通过与邻居智能体间的局部交互来完成.描述了基于多智能体交通灯分布式"绿波"效应的控制算法,并通过仿真实验验证了该方法在大规模城市交通系统中的可行性.},
}

@article{xiayuanqing,
	title={智能交通信息物理融合云控制系统},
	author={夏元清 and 闫策 and 王笑京 and 宋向辉},
	journal={自动化学报},
	volume={45},
	number={01},
	pages={132-142},
	year={2019},
	doi={10.16383/j.aas.c180370}
}

@article{shaomingli,
	title={面向优先车辆感知的交通灯优化控制方法},
	author={邵明莉 and 曹鹗 and 胡铭 and 章玥 and 陈闻杰 and 陈铭松},
	journal={软件学报},
	volume={32},
	number={08},
	pages={2425-2438},
	year={2021},
	doi={10.13328/j.cnki.jos.006191}
}

@article{yanfei,
	title={考虑交通流非线性特性的交通信号迭代学习控制策略},
	author={闫飞 and 李浦 and 阎高伟 and 任密蜂},
	journal={自动化学报},
	volume={47},
	number={9},
	pages={2238-2249},
	year={2021},
	doi={10.16383/j.aas.c190183}
}

@article{fengning,
	title={面向交通流量预测的多组件时空图卷积网络},
	author={冯宁 and 郭晟楠 and 宋超 and 朱琪超 and 万怀宇},
	journal={软件学报},
	year={2019},
	abstract={流量预测一直是交通领域研究者和实践者关注的热点问题.流量数据具有高度的非线性和复杂性,对其进行精准预测具有很大的挑战,现有的预测方法大多不能很好地捕获数据的时空相关性.提出一种新颖的基于深度学习的多组件时空图卷积网络(MCSTGCN),以解决交通流量预测问题.MCSTGCN通过3个组件分别建模流量数据的近期、日周期、周周期特性,每个组件同时利用空间维图卷积和时间维卷积有效捕获交通数据的时空相关性.在美国加利福尼亚州高速公路流量公开数据集上进行了实验,结果表明,MCSTGCN模型的预测效果优于现有的预测方法.},
}

@article{min,
	title = {On-{Demand} {Greenwave} for {Emergency} {Vehicles} in a {Time}-{Varying} {Road} {Network} {With} {Uncertainties}},
	volume = {21},
	url = {https://ieeexplore.ieee.org/document/8751138/},
	doi = {10.1109/TITS.2019.2923802},
	number = {7},
	journal = {IEEE Transactions on Intelligent Transportation Systems},
	author = {Min, Wanli and Yu, Liang and Chen, Peng and Zhang, Maolei and Liu, Yu and Wang, Jiawei},
	month = jul,
	year = {2020},
	pages = {3056--3068},
}

@article{ITS_in_China,
	title={Intelligent transportation system in China: The optimal evaluation period of transportation's application performance},
	author={ Li, M.  and  Li, L. },
	journal={Journal of Intelligent and Fuzzy Systems},
	volume={38},
	number={06},
	pages={6979-6990},
	year={2020},
}

@article{wulibin_vanet,
	title={一种VANET环境下的智能交通信号控制方法},
	author={吴黎兵 and 聂雷 and 刘冰艺 and 吴妮 and 邹逸飞 and 叶璐瑶},
	journal={计算机学报},
	year={2016},
	volume={39},
	number={6},
	pages={1105-1119}
}

@INPROCEEDINGS{Lulili,
	author={Lu, Lili and Wang, Shuaian},
	booktitle={2019 IEEE Intelligent Transportation Systems Conference (ITSC)}, 
	title={Literature Review of Analytical Models on Emergency Vehicle Service: Location, Dispatching, Routing and Preemption Control}, 
	year={2019},
	volume={},
	number={},
	pages={3031-3036},
	doi={10.1109/ITSC.2019.8916885}
	organization={IEEE}
}
}
@article{panahi2009dynamic,
	title={Dynamic Shortest Path in Ambulance Routing Based on GIS},
	author={Panahi, S and Delavar, MR},
	journal={International journal of Geoinformatics},
	volume={5},
	number={1},
	year={2009}
}
@article{jotshi2009dispatching,
	title={Dispatching and routing of emergency vehicles in disaster mitigation using data fusion},
	author={Jotshi, Arun and Gong, Qiang and Batta, Rajan},
	journal={Socio-Economic Planning Sciences},
	volume={43},
	number={1},
	pages={1--24},
	year={2009},
	publisher={Elsevier}
}
@techreport{ardekani2014scheduling,
	title={Scheduling and routing ambulances that provide inter-facility patient transfers},
	author={Ardekani, Laleh Haerian and Haight, Dan and Ingolfsson, Armann and Salama, Mo and Stanton, Matt},
	year={2014},
	institution={working paper}
}
@article{talarico2015ambulance,
	title={Ambulance routing for disaster response with patient groups},
	author={Talarico, Luca and Meisel, Frank and S{\"o}rensen, Kenneth},
	journal={Computers \& operations research},
	volume={56},
	pages={120--133},
	year={2015},
	publisher={Elsevier}
}
@inproceedings{behrisch2011sumo,
	title={SUMO--simulation of urban mobility: an overview},
	author={Behrisch, Michael and Bieker, Laura and Erdmann, Jakob and Krajzewicz, Daniel},
	booktitle={Proceedings of SIMUL 2011, The Third International Conference on Advances in System Simulation},
	year={2011},
	organization={ThinkMind}
}
@article{wulibing,
	title={An Intelligent Traffic Signal Control Method in VANET},
	author={Wu, Libing and Nie, Lei and Liu Bingyi and Wu, Ni and Zou, Yifei and Ye, Luyao},
	journal={Chinese Journal of Computers},
	volume={39},
	number={6},
	pages={1105--1119},
	year={2016}
}
@article{ChenHongyu,
	title={Analysis and Perception of Social Signals in Social Transportation},
	author={Chen, Hongyu, and Ai, Hong and Wang, Xiao and Lv, Yisheng and Chen, Yuanyuan and Wang, Feiyue},
	journal={Acta Automatica Sinica},
	volume={47},
	number={6},
	pages={1256--1272},
	year={2021},
	publisher={Acta Automatica Sinica}
}
@inproceedings{nguyen2019combining,
	title={{Combining V2I with V2V communications for service continuity in vehicular networks}},
	author={Nguyen, Bach Long and Ngo, Duy T and Tran, Nguyen H and Vu, Hai L},
	booktitle={2019 IEEE Intelligent Transportation Systems Conference (ITSC)},
	pages={201--206},
	year={2019},
	organization={IEEE}
}
@article{lijinyang,
	title={A Self-adaptive Traffic Light Control System Based on Speed of Vehicles},
	author={LI, jinyang and CHEN, yixiang and Wang, zhenhui},
	journal={Computer Technology and Development},
	volume={26},
	number={9},
	pages={21--25},
	year={2016}
}
@inproceedings{chang2020cps,
	title={CPS-oriented modeling and control of traffic signals using adaptive back pressure},
	author={Chang, Wanli and Roy, Debayan and Zhao, Shuai and Annaswamy, Anuradha and Chakraborty, Samarjit},
	booktitle={2020 Design, Automation \& Test in Europe Conference \& Exhibition (DATE)},
	pages={1686--1691},
	year={2020},
	organization={IEEE}
}

@article{khan_evp-stc:_2018,
	title = {{EVP}-{STC}: {Emergency} {Vehicle} {Priority} and {Self}-{Organising} {Traffic} {Control} at {Intersections} {Using} {Internet}-of-{Things} {Platform}},
	volume = {6},
	issn = {2169-3536},
	shorttitle = {{EVP}-{STC}},
	url = {https://ieeexplore.ieee.org/document/8523674/},
	doi = {10.1109/ACCESS.2018.2879644},
	journal = {IEEE Access},
	author = {Khan, Ajmal and Ullah, Farman and Kaleem, Zeeshan and Ur Rahman, Shams and Anwar, Hafeez and Cho, You-Ze},
	year = {2018},
	pages = {68242--68254},
}

@article{yang_reliable_2019,
	title = {Reliable broadcast mechanism for emergency message in urban vehicular \textit{ad hoc} networks},
	volume = {13},
	issn = {1751-9578, 1751-9578},
	url = {https://onlinelibrary.wiley.com/doi/10.1049/iet-its.2018.5484},
	doi = {10.1049/iet-its.2018.5484},
	language = {en},
	number = {9},
	journal = {IET Intelligent Transport Systems},
	author = {Yang, Jinling and Huang, Chuanhe and Fan, Xiying},
	month = sep,
	year = {2019},
	pages = {1383--1393},
}

@article{yang_reliable_2019-1,
	title = {Reliable broadcast mechanism for emergency message in urban vehicular \textit{ad hoc} networks},
	volume = {13},
	issn = {1751-9578, 1751-9578},
	url = {https://onlinelibrary.wiley.com/doi/10.1049/iet-its.2018.5484},
	doi = {10.1049/iet-its.2018.5484},
	language = {en},
	number = {9},
	journal = {IET Intelligent Transport Systems},
	author = {Yang, Jinling and Huang, Chuanhe and Fan, Xiying},
	month = sep,
	year = {2019},
	pages = {1383--1393},
}

@article{koike_study_2003,
	title = {Study on {Signal} {Priority} {Systems} for {Vehicles} in {Emergency} {Dispatch}},
	url = {https://linkinghub.elsevier.com/retrieve/pii/S1474667017324199},
	doi = {10.1016/S1474-6670(17)32419-9},
	journal = {IFAC Proceedings Volumes},
	author = {Koike, Norimitsu and Fukai, Toshihide},
	month = aug,
	year = {2003},
	pages = {197-202},
	volume = {36},
	number = {14},
}

@inproceedings{2019Constrained,
	title={Constrained Markov decision processes for intelligent traffic},
	author={Singh, Tripty},
	booktitle={2019 10th International Conference on Computing, Communication and Networking Technologies (ICCCNT)},
	pages={1--7},
	year={2019},
	organization={IEEE}
}

@article{qin_control_2012,
	title = {Control strategies of traffic signal timing transition for emergency vehicle preemption},
	volume = {25},
	url = {https://linkinghub.elsevier.com/retrieve/pii/S0968090X1200054X},
	doi = {10.1016/j.trc.2012.04.004},
	language = {en},
	journal = {Transportation Research Part C: Emerging Technologies},
	author = {Qin, Xiaolin and Khan, Ata M.},
	year = {2012},
	pages = {1-17},
}

@article{wang_development_2013,
	title = {Development of {Degree}-of-{Priority} {Based} {Control} {Strategy} for {Emergency} {Vehicle} {Preemption} {Operation}},
	volume = {2013},
	issn = {1026-0226, 1607-887X},
	url = {http://www.hindawi.com/journals/ddns/2013/283207/},
	doi = {10.1155/2013/283207},
	abstract = {This paper proposes a degree-of-priority based control strategy for emergency vehicle preemption operation to decrease the impacts of emergency vehicles on normal traffic. The proposed model features its effectiveness to the following three aspects: (1) a multilayer fuzzy model was established to determine the degree-of-priority based on emergency vehicle preemption demand intensity and preemption influence intensity; (2) for emergency vehicles with proper classification, a travel time estimation model for emergency traffic was formulated, an optimal emergency route determines model based on the level of priority of emergency events, and the emergency vehicle travel time was developed to minimize evacuation time as well as minimize the adverse impacts of preemption on normal traffic; and (3) a conditional traffic signals priority control method at each intersection of the evacuation route was built, so that traffic queue at each intersection can be cleared before the arrival of emergency vehicles. A simulation model based on field data was developed, and the performance of the proposed strategy was compared with the conventional local detection based method under the microscopic simulation model. The results validated the efficiency of the proposed strategy in terms of minimizing the delay of emergency vehicles and reducing adverse impacts on normal traffic.},
	language = {en},
	journal = {Discrete Dynamics in Nature and Society},
	author = {Wang, Jiawen and Ma, Wanjing and Yang, Xiaoguang},
	year = {2013},
	pages = {1--10},
}

@article{hashim,
	title = {Traffic Light Control System for Emergency Vehicles Using Radio Frequency},
	volume = {3},
	issn = {22788719, 22503021},
	url = {http://www.iosrjen.org/Papers/vol3_issue7%20(part-5)/G03754352.pdf},
	doi = {10.9790/3021-03754352},
	number = {7},
	journal = {IOSR Journal of Engineering},
	author = {Hashim, N. M. Z.},
	month = jul,
	year = {2013},
	pages = {43--52},
}

@inproceedings{wenwen_kang_traffic_2014,
	address = {Qingdao, China},
	title = {Traffic signal coordination for emergency vehicles},
	isbn = {9781479960781},
	url = {http://ieeexplore.ieee.org/document/6957683/},
	doi = {10.1109/ITSC.2014.6957683},
	booktitle = {17th {International} {IEEE} {Conference} on {Intelligent} {Transportation} {Systems} ({ITSC})},
	publisher = {IEEE},
	author = {{Wenwen Kang} and {Gang Xiong} and {Yisheng Lv} and {Xisong Dong} and {Fenghua Zhu} and {Qingjie Kong}},
	month = oct,
	year = {2014},
	pages = {157--161},
}

@article{wang_design_2013,
	title = {Design and {Implementation} of an {Emergency} {Vehicle} {Signal} {Preemption} {System} {Based} on {Cooperative} {Vehicle}-{Infrastructure} {Technology}},
	url = {http://journals.sagepub.com/doi/10.1155/2013/834976},
	doi = {10.1155/2013/834976},
	journal = {Advances in Mechanical Engineering},
	author = {Wang, Yinsong and Wu, Zhizhou and Yang, Xiaoguang and Huang, Luoyi},
	year = {2013},
	volume = {2013},
	number = {5},	
	pages = {1-10},
}


@article{Shaomingli,
	title={Traffic Light Optimization Control Method for Priority Vehicle Awareness},
	author={Shao, Mingli and Cao, E and Hu, Ming and Zhang, Yue and Chen, Wenjie and Chen, Mingsong and others},
	journal={Journal of Software},
	volume={32},
	number={8},
	pages={2425-2438},
	year={2021}
}
@article{闫飞2021考虑交通流非线性特性的交通信号迭代学习控制策略,
	title={考虑交通流非线性特性的交通信号迭代学习控制策略},
	author={闫飞 and 李浦 and 阎高伟 and 任密蜂},
	journal={Acta Automatica Sinica},
	volume={47},
	number={9},
	pages={2238-2249},
	year={2021},
	publisher={Acta Automatica Sinica}
}
@article{Fengning,
	title={Multi-component Spatial-temporal Graph Convolution Networks for Traffic Flow Forecasting},
	author={Feng, Ning and Guo, Shengnan and Song, Chao and Zhu, Qichao and Wan, Huaiyu},
	journal={Journal of Software},
	volume={3},
	pages={759-769},
	year={2019}
}

@inproceedings{noori2016connected,
	title={A connected vehicle based traffic signal control strategy for emergency vehicle preemption},
	author={Noori, Hamed and Fu, Liping and Shiravi, Sajad},
	booktitle={Transportation Research Board 95th Annual Meeting},
	number={16-6763},
	year={2016}
}

@online{chinaInfo,
	author ="{国务院办公厅}",
	year = {2018},
	title="国务院办公厅关于国家综合性消防救援车辆悬挂应急救援专用号牌有关事项的通知",
	url="http://www.gov.cn/zhengce/content/2018-12/11/content_5347765.htm",
}

@online{NHS,
	author="NHS",
	year = {2017, Jan. 23},
	title="{2017 {NHS} {Ambulance} Services}",
	url="https://www.nao.org.uk/wp-content/uploads/2017/01/NHS--Services.pdf",
}

@online{george_1,
	author="GEORGE JAMES",
	year = {1990},
	title="{New {E}.{M}.{S}. {Response} {Time}}",
	url="https://www.nytimes.com/1990/03/25/nyregion/new-ems-response-time.html",
}

@online{Singapore,
	author ="{Singapore Civil Defence Force}",
	year = {2017},
	title="{{Fire}, {Ambulance} and {Enforcement} {Statistics} 2017}",
	url="https://www.scdf.gov.sg/docs/default-source/scdf-library/publications/amb-fire-inspection-statistics/fire-ambulance-enforcementstatistics-2017.pdf",
}

@inproceedings{2011SUMO,
	title={SUMO – Simulation of Urban MObility: An Overview},
	author={ Behrisch, M.  and  Bieker, L.  and  Erdmann, J.  and  Krajzewicz, D. },
	booktitle={Simul},
	year={2011},
}


@online{road_traffic_congestion,
	author="{Evaluation methods for road traffic congestion levels, GA/T 115-2020, 2020}"
}


@article{wuzhen2008,
	title={信号交叉口右转车道饱和流量研究},
	author={吴震 and 杨晓光},
	journal={同济大学学报：自然科学版},
	volume={36},
	number={01},
	pages={37-41},
	year={2008},
	abstract={针对我国现有道路交通条件下典型的信号控制交叉口,对不同车道宽度,转弯半径的右转车道的饱和车头时距进行现场测定.在确定和排除了数据中的异常值后进行数据分布分析,结果表明右转车道饱和车头时距服从对数正态分布或正态分布.考虑右转车道宽度,转弯半径的影响,给出了右转车道饱和流量的回归计算模型.比较结果表明,所给计算模型比美国HCM2000(Highway Capacity Manual 2000)更符合国内的实际情况.},
}

@article{wuzhen2009,
	title={车道宽度、转弯半径对左转饱和流量的影响研究},
	author={吴震 and 杨晓光},
	journal={武汉理工大学学报(交通科学与工程版)},
	volume={33},
	number={05},
	pages={996-999},
	year={2009},
}

@article{likeping2007,
	title={信号控制交叉口周期时长对饱和流量的影响研究},
	author={李克平 and 盖松雪},
	journal={城市道桥与防洪},
	number={9},
	pages={6-8},
	year={2007},
	doi={10.16799/j.cnki.csdqyfh.2007.09.003}
}

@article{liuyi2010,
	title={信号交叉口直行车道饱和流率研究},
	author={刘意 and 张永 and 任刚},
	journal={交通运输工程与信息学报},
	volume={8},
	number={03},
	pages={62-67},
	year={2010},
}

@article{shaochangqiao2011,
	title={信号交叉口饱和流率及其影响因素研究},
	author={邵长桥 and 荣建 and 赵林},
	journal={北京工业大学学报},
	volume={37},
	number={10},
	pages={1505-1510},
	year={2011},
}

@phdthesis{lihongqiang,
	title={城市交通控制信号配时参数优化方法研究},
	author={栗红强},
	school={吉林大学},
}

@article{1988Using,
	author    = {Christopher M. Day},
	editor    = {Wei{-}Bin Zhang and
	Alexandre M. Bayen and
	Javier J. S{\'{a}}nchez Medina and
	Matthew J. Barth},
	title     = {Platoon Dispersion and Saturation Flow Rates in Cellular Automata
	Models of Signal-Controlled Roadway Traffic},
	booktitle = {21st International Conference on Intelligent Transportation Systems,
	{ITSC} 2018, Maui, HI, USA, November 4-7, 2018},
	pages     = {2583--2588},
	publisher = {{IEEE}},
	year      = {2018},
	url       = {https://doi.org/10.1109/ITSC.2018.8569769},
	doi       = {10.1109/ITSC.2018.8569769},
	timestamp = {Fri, 27 Mar 2020 08:59:52 +0100},
	biburl    = {https://dblp.org/rec/conf/itsc/Day18.bib},
	bibsource = {dblp computer science bibliography, https://dblp.org}
}

@article{wangjiawen2021,
	title={考虑人车交互的两相位信号控制交叉口的配时优化方法},
	author={王嘉文 and 邹林志 and 杭佳宇},
	journal={中国水运(下半月)},
	number={01},
	pages={80-82},
	volume={20},
	year={2020},
}

@article{xuliqun2001,
	title={信号交叉口通行能力计算方法的比较分析},
	author={袁晶矜 and 袁振洲},
	journal={公路交通技术},
	volume={05},
	number={1},
	pages={123-128},
	year={2006},
}


@article{2000Highway,
	title = {Estimation of highway capacity under environmental constraints vs. conventional traffic flow criteria: A case study of Tehran},
	journal = {Journal of Traffic and Transportation Engineering (English Edition)},
	volume = {8},
	number = {5},
	pages = {751-761},
	year = {2021},
	issn = {2095-7564},
	doi = {https://doi.org/10.1016/j.jtte.2020.04.006},
	url = {https://www.sciencedirect.com/science/article/pii/S209575642030146X},
	author = {Hamid Mirzahossein and Farshid Safari and Erfan Hassannayebi},
	keywords = {Traffic engineering, Environmental pollutions, Environmental capacity estimation, Admissible traffic flow, Highway capacity manual (HCM)},
	abstract = {In this paper, the concept of environmental capacity is developed to identify a convenient maximum traffic volume which will not reduce the life quality of residents. The presented method investigates the idea of traffic capacity under environmental constraints by calculating the maximum number of vehicles allowed on roads based on acceptable levels of air and noise pollutants. In this study, the permissible noise pollution level and permissible levels of CO and NOx pollution are considered for determining environmental capacity. Results show the significant difference between environmental capacity and functional traffic capacity, introduced by the highway capacity manual (HCM) as a conventional method for estimating functional capacity. Thus, maximum allowed pollution is considered a constraint on a vehicle flow rate, which shows the proper traffic flow for selected streets in Tehran, Iran's capital. The paper concludes that traffic capacity under noise and air pollution constraints is much less (approximately one-fourth and one-eighth for noise and air pollution respectively) than the current highway capacity estimated using HCM guidelines. Therefore, to save the cities like Tehran from noise and air pollution, traffic flows should be limited to the level of environmental capacity by implementing some travel demand management (TDM) policies like road pricing.}
}

@article{2003Manual,
	title={Manual of uniform traffic control devices},
	author={ Sector=Government, Tmrj },
	journal={Australian Standard},
	year={2003},
}

@book{yangpeikun2003,
	title={交通管理与控制},
	author={杨佩昆},
	publisher={人民交通出版社},
	year={2003},
}

@article{shenjiajun2014,
	title={基于交叉口通行效率的两相位与四相位控制方式临界流量研究},
	author={沈家军 and 王炜},
	journal={交通运输系统工程与信息},
	volume={14},
	number={04},
	pages={53-58},
	year={2014},
	doi={10.16097/j.cnki.1009-6744.2014.04.013}
}

@inproceedings{shuaibing,
	title={道路交叉口信号相位设计实用方法},
	author={张雷元 and 树爱兵},
	booktitle={第七届中国智能交通年会优秀论文集——智能交通技术},
	year={2012},
	pages={160-169}
}

@inproceedings{zhaoyi,
	title={城市道路干线协调控制方法综述},
	author={赵益},
	booktitle={第十五届中国智能交通年会},
	year={2020},
	pages={257-263},
	doi={10.26914/c.cnkihy.2020.028384}
}

@article{ma2019green,
	title={Green wave traffic control system optimization based on adaptive genetic-artificial fish swarm algorithm},
	author={Ma, Changxi and He, Ruichun},
	journal={Neural Computing and Applications},
	volume={31},
	number={7},
	pages={2073--2083},
	year={2019},
	publisher={Springer}
}

@article{0TRAFFIC,
	title={A Novel Real-Time Traffic Signal Control Strategy for Emergency Vehicles},
	author={Zhong, Li and Chen, Yixiang},
	journal={IEEE ACCESS},
	volume={10},
	year={2022},
	pages={19481-19492},
}

@inproceedings{2017Preemptive,
	title={Preemptive traffic light control based on vehicle tracking and queue lengths},
	author={ Kapusta, B.  and  Miletic, M.  and  Ivanjko, E.  and  Vujic, M. },
	booktitle={2017 International Symposium ELMAR},
	year={2017},
}

@article{2020Automated,
	title={Automated Emergency Vehicle Control Strategy Based on Automated Driving Controls},
	author={ So, J. J.  and  Kang, J.  and  Park, S.  and  Park, I.  and  Lee, J. },
	journal={Journal of Advanced Transportation},
	volume={2020},
	pages={1-11},
	year={2020},
}

@article{2018Ghanim,
	title={A Case Study for Surrogate Safety Assessment Model in Predicting Real-Life Conflicts},
	author={ Ghanim, Mohammad S.  and  Khaled, Shaaban },
	journal={Arabian Journal for Science and Engineering},
	volume={44},
	pages={4225-4231},
	year={2018},
}

@article{2017Younes,
	author    = {Maram Bani Younes and
	Azzedine Boukerche},
	title     = {An efficient dynamic traffic light scheduling algorithm considering
	emergency vehicles for intelligent transportation systems},
	journal   = {Wirel. Networks},
	volume    = {24},
	number    = {7},
	pages     = {2451--2463},
	year      = {2018},
	url       = {https://doi.org/10.1007/s11276-017-1482-5},
	doi       = {10.1007/s11276-017-1482-5},
	timestamp = {Thu, 18 Jun 2020 22:05:13 +0200},
	biburl    = {https://dblp.org/rec/journals/winet/YounesB18a.bib},
	bibsource = {dblp computer science bibliography, https://dblp.org}
}

@article{2016Chen,
	title={An Improved Adaptive Signal Control Method for Isolated Signalized Intersection Based on Dynamic Programming},
	author={ Chen, S.  and  Sun, D. J. },
	journal={IEEE Intelligent Transportation Systems Magazine},
	volume={8},
	number={4},
	pages={4-14},
	year={2016},
}

@article{nellore2016traffic,
	author    = {Nellore Kapileswar and
	Gerhard P. Hancke},
	title     = {Traffic Management for Emergency Vehicle Priority Based on Visual
	Sensing},
	journal   = {Sensors},
	volume    = {16},
	number    = {11},
	pages     = {1892},
	year      = {2016},
	url       = {https://doi.org/10.3390/s16111892},
	doi       = {10.3390/s16111892},
	timestamp = {Fri, 09 Apr 2021 18:32:25 +0200},
	biburl    = {https://dblp.org/rec/journals/sensors/Nellore016a.bib},
	bibsource = {dblp computer science bibliography, https://dblp.org}
}

@article{2020Yao,
	title={A dynamic optimization method for adaptive signal control in a connected vehicle environment},
	author={ Yao, Z.  and  Jiang, Y.  and  Zhao, B.  and  Luo, X.  and  Peng, B. },
	journal={Journal of Intelligent Transportation Systems},
	volume={24},
	number={2},
	pages={184-200},
	year={2020},
}

@standard{_iso/iec_2011,
	type = {Standard},
	key = {ISO/IEC 25010:2011},
	title = {{{ISO}}/{{IEC}} 25010:2011 {{Systems}} and Software Engineering. {{Systems}} and Software Quality Requirements and Evaluation ({{SQuaRE}}). {{System}} and Software Quality Models},
	shorttitle = {Systems and Software Engineering. {{Systems}} and Software Quality Requirements and Evaluation ({{SQuaRE}}). {{System}} and Software Quality Models},
	year = {2011},
	author = {{International Organization for Standardization}},
	language = {en}
}



@inproceedings{alagar_specification_2007,
	title = {Specification and Verification of Trustworthy Component-Based Real-Time Reactive Systems},
	booktitle = {Proceedings of the 2007 Conference on {{Specification}} and Verification of Component-Based Systems 6th {{Joint Meeting}} of the {{European Conference}} on {{Software Engineering}} and the {{ACM SIGSOFT Symposium}} on the {{Foundations}} of {{Software Engineering}} - {{SAVCBS}} '07},
	author = {Alagar, Vasu and Mohammad, Mubarak},
	year = {2007},
	pages = {89--93},
	publisher = {{ACM Press}},
	address = {{Dubrovnik, Croatia}},
	isbn = {978-1-59593-721-6},
	language = {en}
}

@article{alexopoulos_m-star:_2018,
	title = {M-{{STAR}}: {{A Modular}}, {{Evidence}}-Based {{Software Trustworthiness Framework}}},
	shorttitle = {M-{{STAR}}},
	author = {Alexopoulos, Nikolaos and Habib, Sheikh Mahbub and Schulz, Steffen and M{\"u}hlh{\"a}user, Max},
	year = {2018},
	month = jan,
	journal = {arXiv:1801.05764 [cs]},
	eprint = {1801.05764},
	eprinttype = {arxiv},
	primaryclass = {cs},
	abstract = {Despite years of intensive research in the field of software vulnerabilities discovery, exploits are becoming ever more common. Consequently, it is more necessary than ever to choose software configurations that minimize systems' exposure surface to these threats. In order to support users in assessing the security risks induced by their software configurations and in making informed decisions, we introduce M-STAR, a Modular Software Trustworthiness ARchitecture and framework for probabilistically assessing the trustworthiness of software systems, based on evidence, such as their vulnerability history and source code properties. Integral to M-STAR is a software trustworthiness model, consistent with the concept of computational trust. Computational trust models are rooted in Bayesian probability and Dempster-Shafer Belief theory, offering mathematical soundness and expressiveness to our framework. To evaluate our framework, we instantiate M-STAR for Debian Linux packages, and investigate real-world deployment scenarios. In our experiments with real-world data, M-STAR could assess the relative trustworthiness of complete software configurations with an error of less than 10\%. Due to its modular design, our proposed framework is agile, as it can incorporate future advances in the field of code analysis and vulnerability prediction. Our results point out that M-STAR can be a valuable tool for system administrators, regular users and developers, helping them assess and manage risks associated with their software configurations.},
	archiveprefix = {arXiv},
	keywords = {Computer Science - Cryptography and Security}
}

@techreport{boland_toward_2010,
	title = {Toward a Preliminary Framework for Assessing the Trustworthiness of Software},
	author = {Boland, Tim and Cleraux, Charline and Fong, Elizabeth},
	year = {2010},
	edition = {Zeroth},
	number = {NIST IR 7755},
	pages = {NIST IR 7755},
	address = {{Gaithersburg, MD}},
	institution = {{National Institute of Standards and Technology}},
	language = {en},
	file = {C\:\\Users\\yzl43\\Dropbox\\Zotero\\storage\\4LYAVWN3\\Boland 等。 - 2010 - Toward a preliminary framework for assessing the t.pdf}
}