@article{ekman2002microexpression,
	title={MicroExpression Training Tool (METT). Retrieved April 15, 2009},
	author={Ekman, P},
	year={2002}
}
@inproceedings{sagonas2013300,
	title={300 faces in-the-wild challenge: The first facial landmark localization challenge},
	author={Sagonas, Christos and Tzimiropoulos, Georgios and Zafeiriou, Stefanos and Pantic, Maja},
	booktitle={ICCV Workshops},
	pages={397--403},
	year={2013}
}
@book{Darwin1965,
  title={The Expression of the Emotions in Man and Animals},
  author={Charles Darwin},
  publisher={Chicago:University of Chicago Press},
  year={1965},
}
@inproceedings{shreve2011macro,
	title={Macro-and micro-expression spotting in long videos using spatio-temporal strain},
	author={Shreve, Matthew and Godavarthy, Sridhar and Goldgof, Dmitry and Sarkar, Sudeep},
	booktitle={Face and Gesture 2011},
	pages={51--56},
	year={2011},
	organization={IEEE}
}
@incollection{haggard1966micromomentary,
	title={Micromomentary facial expressions as indicators of ego mechanisms in psychotherapy},
	author={Haggard, Ernest A and Isaacs, Kenneth S},
	booktitle={Methods of research in psychotherapy},
	pages={154--165},
	year={1966},
	publisher={Springer}
}
@article{ekman1969nonverbal,
	title={Nonverbal leakage and clues to deception},
	author={Ekman, Paul and Friesen, Wallace V},
	journal={Psychiatry},
	volume={32},
	number={1},
	pages={88--106},
	year={1969},
	publisher={Taylor \& Francis}
}
@book{ekman2009telling,
	title={Telling lies: Clues to deceit in the marketplace, politics, and marriage (revised edition)},
	author={Ekman, Paul},
	year={2009},
	publisher={WW Norton \& Company}
}

@article{kelly2011metacognition,
	title={Metacognition of emotional face recognition.},
	author={Kelly, Karen J and Metcalfe, Janet},
	journal={Emotion},
	volume={11},
	number={4},
	pages={896},
	year={2011},
	publisher={American Psychological Association}
}
@article{wu2010micro,
	title={Micro-expression and its applications},
	author={Wu, Qi and Shen, X and Fu, X},
	journal={Advances in Psychological Science},
	volume={18},
	number={9},
	pages={1359--1368},
	year={2010}
}
@article{ekman1974nonverbal,
	title={Nonverbal behavior and psychopathology},
	author={Ekman, Paul and Friesen, Wallace V},
	journal={The psychology of depression: Contemporary theory and research},
	pages={3--31},
	year={1974}
}
@article{ekman1991can,
	title={Who can catch a liar?},
	author={Ekman, Paul and O'Sullivan, Maureen},
	journal={American psychologist},
	volume={46},
	number={9},
	pages={913},
	year={1991},
	publisher={American Psychological Association}
}
@article{frank1997ability,
	title={The ability to detect deceit generalizes across different types of high-stake lies.},
	author={Frank, Mark G and Ekman, Paul},
	journal={Journal of personality and social psychology},
	volume={72},
	number={6},
	pages={1429},
	year={1997},
	publisher={American Psychological Association}
}
@article{ekman2006flawed,
	title={From flawed self-assessment to blatant whoppers: the utility of voluntary and involuntary behavior in detecting deception},
	author={Ekman, Paul and O'Sullivan, Maureen},
	journal={Behavioral sciences \& the law},
	volume={24},
	number={5},
	pages={673--686},
	year={2006},
	publisher={Wiley Online Library}
}
@article{matsumoto2000new,
	title={A new test to measure emotion recognition ability: Matsumoto and Ekman's Japanese and Caucasian Brief Affect Recognition Test (JACBART)},
	author={Matsumoto, David and LeRoux, Jeff and Wilson-Cohn, Carinda and Raroque, Jake and Kooken, Kristie and Ekman, Paul and Yrizarry, Nathan and Loewinger, Sherry and Uchida, Hideko and Yee, Albert and others},
	journal={Journal of Nonverbal behavior},
	volume={24},
	number={3},
	pages={179--209},
	year={2000},
	publisher={Springer}
}
@inproceedings{frank2009see,
	title={I see how you feel: Training laypeople and professionals to recognize fleeting emotions},
	author={Frank, Mark and Herbasz, Malgorzata and Sinuk, Kang and Keller, A and Nolan, Courtney},
	booktitle={The Annual Meeting of the International Communication Association. Sheraton New York, New York City},
	year={2009}
}
@article{polikovsky2009facial,
	title={Facial micro-expressions recognition using high speed camera and 3D-gradient descriptor},
	author={Polikovsky, Senya and Kameda, Yoshinari and Ohta, Yuichi},
	year = {2009},
	month = {January},
	pages = {16-16(1)},
	publisher={IET}
}
@inproceedings{pfister2011recognising,
	title={Recognising spontaneous facial micro-expressions},
	author={Pfister, Tomas and Li, Xiaobai and Zhao, Guoying and Pietik{\"a}inen, Matti},
	booktitle={2011 international conference on computer vision},
	pages={1449--1456},
	year={2011},
	organization={IEEE}
}
@inproceedings{wu2011machine,
	title={The machine knows what you are hiding: an automatic micro-expression recognition system},
	author={Wu, Qi and Shen, Xunbing and Fu, Xiaolan},
	booktitle={international conference on affective computing and intelligent Interaction},
	pages={152--162},
	year={2011},
	organization={Springer}
}
@inproceedings{wang2014micro,
	title={Micro-expression recognition using robust principal component analysis and local spatiotemporal directional features},
	author={Wang, Su-Jing and Yan, Wen-Jing and Zhao, Guoying and Fu, Xiaolan and Zhou, Chun-Guang},
	booktitle={European Conference on Computer Vision},
	pages={325--338},
	year={2014},
	organization={Springer}
}
@article{yan2014casme,
	title={CASME II: An improved spontaneous micro-expression database and the baseline evaluation},
	author={Yan, Wen-Jing and Li, Xiaobai and Wang, Su-Jing and Zhao, Guoying and Liu, Yong-Jin and Chen, Yu-Hsin and Fu, Xiaolan},
	journal={PloS one},
	volume={9},
	number={1},
	year={2014},
	pages = {1-8},
	publisher={Public Library of Science}
}
@article{huang2016spontaneous,
	title={Spontaneous facial micro-expression analysis using spatiotemporal completed local quantized patterns},
	author={Huang, Xiaohua and Zhao, Guoying and Hong, Xiaopeng and Zheng, Wenming and Pietik{\"a}inen, Matti},
	journal={Neurocomputing},
	volume={175},
	pages={564--578},
	year={2016},
	publisher={Elsevier}
}
@inproceedings{le2014spontaneous,
	title={Spontaneous subtle expression recognition: Imbalanced databases and solutions},
	author={Le Ngo, Anh Cat and Phan, Raphael Chung-Wei and See, John},
	booktitle={Asian conference on computer vision},
	pages={33--48},
	year={2014},
	organization={Springer}
}
@article{yang2002detecting,
	title={Detecting faces in images: A survey},
	author={Yang, Ming-Hsuan and Kriegman, David J and Ahuja, Narendra},
	journal={IEEE Transactions on pattern analysis and machine intelligence},
	volume={24},
	number={1},
	pages={34--58},
	year={2002},
	publisher={IEEE Computer Society}
}
@article{viola2001rapid,
	title={Rapid object detection using a boosted cascade of simple features},
	author={Viola, Paul and Jones, Michael and others},
	journal={CVPR (1)},
	volume={1},
	number={511-518},
	pages={3},
	year={2001}
}
@article{viola2004robust,
	title={Robust real-time face detection},
	author={Viola, Paul and Jones, Michael J},
	journal={International journal of computer vision},
	volume={57},
	number={2},
	pages={137--154},
	year={2004},
	publisher={Springer}
}
@inproceedings{lienhart2002extended,
	title={An extended set of haar-like features for rapid object detection},
	author={Lienhart, Rainer and Maydt, Jochen},
	booktitle={Proceedings. international conference on image processing},
	volume={1},
	pages={I--I},
	year={2002},
	organization={IEEE}
}
@inproceedings{crow1984summed,
	title={Summed-area tables for texture mapping},
	author={Crow, Franklin C},
	booktitle={ACM SIGGRAPH computer graphics},
	volume={18},
	number={3},
	pages={207--212},
	year={1984},
	organization={ACM}
}
@inproceedings{papageorgiou1998general,
	title={A general framework for object detection},
	author={Papageorgiou, Constantine P and Oren, Michael and Poggio, Tomaso},
	booktitle={Sixth International Conference on Computer Vision (IEEE Cat. No. 98CH36271)},
	pages={555--562},
	year={1998},
	organization={IEEE}
}
@article{schapire1990strength,
	title={The strength of weak learnability},
	author={Schapire, Robert E},
	journal={Machine learning},
	volume={5},
	number={2},
	pages={197--227},
	year={1990},
	publisher={Springer}
}
@article{freund1997decision,
	title={A decision-theoretic generalization of on-line learning and an application to boosting},
	author={Freund, Yoav and Schapire, Robert E},
	journal={Journal of computer and system sciences},
	volume={55},
	number={1},
	pages={119--139},
	year={1997},
	publisher={Elsevier}
}
@article{cootes1995active,
	title={Active shape models-their training and application},
	author={Cootes, Timothy F and Taylor, Christopher J and Cooper, David H and Graham, Jim},
	journal={Computer vision and image understanding},
	volume={61},
	number={1},
	pages={38--59},
	year={1995},
	publisher={Elsevier}
}
@article{cootes2001active,
	title={Active appearance models},
	author={Cootes, Timothy F and Edwards, Gareth J and Taylor, Christopher J},
	journal={IEEE Transactions on Pattern Analysis \& Machine Intelligence},
	number={6},
	pages={681--685},
	year={2001},
	publisher={IEEE}
}
@inproceedings{kazemi2014one,
	title={One millisecond face alignment with an ensemble of regression trees},
	author={Kazemi, Vahid and Sullivan, Josephine},
	booktitle={Proceedings of the IEEE conference on computer vision and pattern recognition},
	pages={1867--1874},
	year={2014}
}
@inproceedings{dollar2010cascaded,
	title={Cascaded pose regression},
	author={Doll{\'a}r, Piotr and Welinder, Peter and Perona, Pietro},
	booktitle={2010 IEEE Computer Society Conference on Computer Vision and Pattern Recognition},
	pages={1078--1085},
	year={2010},
	organization={IEEE}
}
@inproceedings{khor2018enriched,
	title={Enriched long-term recurrent convolutional network for facial micro-expression recognition},
	author={Khor, Huai-Qian and See, John and Phan, Raphael Chung Wei and Lin, Weiyao},
	booktitle={2018 13th IEEE International Conference on Automatic Face \& Gesture Recognition (FG 2018)},
	pages={667--674},
	year={2018},
	organization={IEEE}
}

@article{karson1983spontaneous,
	title={Spontaneous eye-blink rates and dopaminergic systems},
	author={Karson, Craig N},
	journal={Brain},
	volume={106},
	number={3},
	pages={643--653},
	year={1983},
	publisher={Oxford University Press}
}
@article{tsubota1998tear,
	title={Tear dynamics and dry eye},
	author={Tsubota, Kazuo},
	journal={Progress in retinal and eye research},
	volume={17},
	number={4},
	pages={565--596},
	year={1998},
	publisher={Elsevier}
}
@inproceedings{EyeBlink,
	title={Eye blink detection using facial landmarks},
	author={Soukupova, Tereza and Cech, Jan},
	booktitle={21st Computer Vision Winter Workshop, Rimske Toplice, Slovenia},
	year={2016}
}
@book{2012统计学习方法,
	title={统计学习方法},
	author={李航},
	pages={25-26},
	publisher={清华大学出版社},
	year={2012}
}
@book{2016机器学习,
	title={机器学习},
	author={周志华},
	pages={121-145},
	publisher={清华大学出版社},
	year={2016},
}
@article{刘志刚2004支持向量机在多类分类问题中的推广,
	title={支持向量机在多类分类问题中的推广},
	author={刘志刚 and 李德仁 and 秦前清 and 史文中},
	journal={计算机工程与应用},
	volume={40},
	number={7},
	pages={10-13},
	year={2004},
}
@article{赵岭忠2002基于对象分布式实时系统约束的一致性研究,
	title={基于对象分布式实时系统约束的一致性研究},
	author={赵岭忠 and 董荣胜 and 蔡国永 and 古天龙},
	journal={计算机工程与应用},
	volume={38},
	number={15},
	pages={60-62},
	year={2002},
}
@book{Kearns1993Cryptographic,
	title={Cryptographic limitations on learning Boolean formulae and finite automata},
	author={Kearns, Michael J. and Valiant, Leslie G.},
	year={1993},
}
@inproceedings{Ruiz2013Encoding,
	title={Encoding Local Binary Patterns Using the Re-Parametrization of the Second Order Gaussian Jet},
	author={Ruiz-Hernandez and Pietikäinen, Matti},
	booktitle={IEEE International Conference \& Workshops on Automatic Face \& Gesture Recognition},
	year={2013},
}
@article{Guo2015Micro,
	title={Micro-expression recognition based on CBP-TOP feature with ELM},
	author={Guo, Yingchun and Xue, Cuihong and Wang, Yingzi and Yu, Ming},
	journal={Optik - International Journal for Light and Electron Optics},
	volume={126},
	number={23},
	pages={4446-4451},
	year={2015},
}
@article{Huang2012Extreme,
	title={Extreme learning machine for regression and multiclass classification},
	author={Huang, G. B. and Zhou, H. and Ding, X. and Zhang, R.},
	journal={IEEE Transactions on Systems Man \& Cybernetics Part B},
	volume={42},
	number={2},
	pages={513-529},
	year={2012},
}
@article{Ekman1971Constants,
	title={Constants across cultures in the face and emotion},
	author={Ekman, P. ,. and Friesen, W V,},
	journal={J Pers Soc Psychol},
	volume={17},
	number={2},
	pages={124-129},
	year={1971},
}
@article{2010微表情研究及其应用,
	title={微表情研究及其应用},
	author={吴奇 and 申寻兵},
	journal={心理科学进展},
	volume={18},
	number={9},
	pages={1359-1368},
	year={2010},
}

@inproceedings{dalal2005histograms,
	TITLE = {{Histograms of Oriented Gradients for Human Detection}},
	AUTHOR = {Dalal, Navneet and Triggs, Bill},
	BOOKTITLE = {{International Conference on Computer Vision \& Pattern Recognition (CVPR '05)}},
	PUBLISHER = {{IEEE Computer Society}},
	VOLUME = {1},
	PAGES = {886--893},
	YEAR = {2005},
	MONTH = Jun
}
@article{徐峰2017人脸微表情识别综述,
	title={人脸微表情识别综述},
	author={徐峰 and 张军平},
	journal={自动化学报},
	volume={43},
	number={3},
	pages={333--348},
	year={2017}
}
@article{ekman2002facs,
	title={FACS investigator’s guide},
	author={Ekman, Paul and Friesen, Wallace V and Hager, Joseph C},
	journal={A human face},
	pages={96},
	year={2002}
}
@article{li2015reading,
	title={Reading hidden emotions: spontaneous micro-expression spotting and recognition},
	author={Li, Xiaobai and Hong, Xiaopeng and Moilanen, Antti and Huang, Xiaohua and Pfister, Tomas and Zhao, Guoying and Pietik{\"a}inen, Matti},
	journal={arXiv preprint arXiv:1511.00423},
	volume={12},
	pages={32--33},
	year={2015}
}